<record><leader>00000cas a22000007a 4500</leader><controlfield tag="001">11045949</controlfield><controlfield tag="008">840811d18771880ohudn ne      0    0eng d</controlfield><controlfield tag="009">3783</controlfield><datafield ind1=" " ind2=" " tag="010"><subfield code="a">sn 84028458 </subfield></datafield><datafield ind1=" " ind2=" " tag="040"><subfield code="a">NPY</subfield><subfield code="b">eng</subfield><subfield code="c">NPY</subfield><subfield code="d">NPX</subfield><subfield code="d">DLC</subfield><subfield code="d">ONP</subfield><subfield code="d">OCLCQ</subfield></datafield><datafield ind1="1" ind2=" " tag="029"><subfield code="a">AU@</subfield><subfield code="b">000020375368</subfield></datafield><datafield ind1=" " ind2=" " tag="042"><subfield code="a">msc</subfield></datafield><datafield ind1="0" ind2="0" tag="245"><subfield code="a">Daily register and tribune.</subfield></datafield><datafield ind1="1" ind2="7" tag="246"><subfield code="a">Youngstown evening register and tribune</subfield></datafield><datafield ind1="1" ind2="3" tag="246"><subfield code="a">Register and tribune</subfield></datafield><datafield ind1=" " ind2=" " tag="260"><subfield code="a">Youngstown, Ohio :</subfield><subfield code="b">Youngstown Print. Co.,</subfield><subfield code="c">1877-1880.</subfield></datafield><datafield ind1=" " ind2=" " tag="300"><subfield code="a">v.</subfield></datafield><datafield ind1=" " ind2=" " tag="310"><subfield code="a">Daily (except Sun.)</subfield></datafield><datafield ind1="1" ind2=" " tag="362"><subfield code="a">Vol. 3, no. 201 (June 8, 1877)-v. 6, no. 306 (Oct. 9, 1880).</subfield></datafield><datafield ind1=" " ind2=" " tag="500"><subfield code="a">Republican.</subfield></datafield><datafield ind1=" " ind2="4" tag="651"><subfield code="a">Youngstown (Ohio)</subfield><subfield code="v">Newspapers.</subfield></datafield><datafield ind1=" " ind2="4" tag="651"><subfield code="a">Mahoning County (Ohio)</subfield><subfield code="v">Newspapers.</subfield></datafield><datafield ind1=" " ind2=" " tag="752"><subfield code="a">United States</subfield><subfield code="b">Ohio</subfield><subfield code="c">Mahoning</subfield><subfield code="d">Youngstown.</subfield></datafield><datafield ind1="0" ind2=" " tag="775"><subfield code="t">Register and tribune (Youngstown, Ohio : Weekly)</subfield><subfield code="w">(DLC)sn 85026347</subfield></datafield><datafield ind1="0" ind2="0" tag="780"><subfield code="t">Register and tribune (Youngstown, Ohio : Daily)</subfield><subfield code="w">(DLC)sn 85026346</subfield></datafield><datafield ind1="0" ind2="0" tag="785"><subfield code="t">Youngstown daily register</subfield><subfield code="w">(DLC)sn 84028459</subfield></datafield></record>